
@article{doi:10.1198/000313002605,
author = {Andrew Gelman and Deborah Nolan},
title = {You Can Load a Die, But You Can't Bias a Coin},
journal = {The American Statistician},
volume = {56},
number = {4},
pages = {308-311},
year  = {2002},
publisher = {Taylor & Francis},
doi = {10.1198/000313002605},

URL = { 
        https://doi.org/10.1198/000313002605
    
},
eprint = { 
        https://doi.org/10.1198/000313002605
    
}

}


